%YAML 1.1
%TAG !u! tag:unity3d.com,2011:
--- !u!1 &4386907812294949867
GameObject:
  m_ObjectHideFlags: 0
  m_CorrespondingSourceObject: {fileID: 0}
  m_PrefabInstance: {fileID: 0}
  m_PrefabAsset: {fileID: 0}
  serializedVersion: 6
  m_Component:
  - component: {fileID: 7741589802865465588}
  m_Layer: 0
  m_Name: MindParam
  m_TagString: Untagged
  m_Icon: {fileID: 0}
  m_NavMeshLayer: 0
  m_StaticEditorFlags: 0
  m_IsActive: 1
--- !u!224 &7741589802865465588
RectTransform:
  m_ObjectHideFlags: 0
  m_CorrespondingSourceObject: {fileID: 0}
  m_PrefabInstance: {fileID: 0}
  m_PrefabAsset: {fileID: 0}
  m_GameObject: {fileID: 4386907812294949867}
  m_LocalRotation: {x: 0, y: 0, z: 0, w: 1}
  m_LocalPosition: {x: 0, y: 0, z: 0}
  m_LocalScale: {x: 1, y: 1, z: 1}
  m_Children:
  - {fileID: 69500459367724278}
  - {fileID: 6640525627690915307}
  - {fileID: 3805153747072507622}
  m_Father: {fileID: 0}
  m_RootOrder: 0
  m_LocalEulerAnglesHint: {x: 0, y: 0, z: 0}
  m_AnchorMin: {x: 0, y: 0}
  m_AnchorMax: {x: 0, y: 0}
  m_AnchoredPosition: {x: 0, y: 0}
  m_SizeDelta: {x: 536.42, y: 100}
  m_Pivot: {x: 0.5, y: 0.5}
--- !u!1001 &733075638726379311
PrefabInstance:
  m_ObjectHideFlags: 0
  serializedVersion: 2
  m_Modification:
    m_TransformParent: {fileID: 7741589802865465588}
    m_Modifications:
    - target: {fileID: 109565276962337243, guid: 0d1c4abeaafeee849896ed20c8ac9822,
        type: 3}
      propertyPath: m_Name
      value: Enjoyment
      objectReference: {fileID: 0}
    - target: {fileID: 6200201632343544516, guid: 0d1c4abeaafeee849896ed20c8ac9822,
        type: 3}
      propertyPath: m_LocalPosition.x
      value: 0
      objectReference: {fileID: 0}
    - target: {fileID: 6200201632343544516, guid: 0d1c4abeaafeee849896ed20c8ac9822,
        type: 3}
      propertyPath: m_LocalPosition.y
      value: 0
      objectReference: {fileID: 0}
    - target: {fileID: 6200201632343544516, guid: 0d1c4abeaafeee849896ed20c8ac9822,
        type: 3}
      propertyPath: m_LocalPosition.z
      value: 0
      objectReference: {fileID: 0}
    - target: {fileID: 6200201632343544516, guid: 0d1c4abeaafeee849896ed20c8ac9822,
        type: 3}
      propertyPath: m_LocalRotation.x
      value: 0
      objectReference: {fileID: 0}
    - target: {fileID: 6200201632343544516, guid: 0d1c4abeaafeee849896ed20c8ac9822,
        type: 3}
      propertyPath: m_LocalRotation.y
      value: 0
      objectReference: {fileID: 0}
    - target: {fileID: 6200201632343544516, guid: 0d1c4abeaafeee849896ed20c8ac9822,
        type: 3}
      propertyPath: m_LocalRotation.z
      value: 0
      objectReference: {fileID: 0}
    - target: {fileID: 6200201632343544516, guid: 0d1c4abeaafeee849896ed20c8ac9822,
        type: 3}
      propertyPath: m_LocalRotation.w
      value: 1
      objectReference: {fileID: 0}
    - target: {fileID: 6200201632343544516, guid: 0d1c4abeaafeee849896ed20c8ac9822,
        type: 3}
      propertyPath: m_RootOrder
      value: 1
      objectReference: {fileID: 0}
    - target: {fileID: 6200201632343544516, guid: 0d1c4abeaafeee849896ed20c8ac9822,
        type: 3}
      propertyPath: m_LocalEulerAnglesHint.x
      value: 0
      objectReference: {fileID: 0}
    - target: {fileID: 6200201632343544516, guid: 0d1c4abeaafeee849896ed20c8ac9822,
        type: 3}
      propertyPath: m_LocalEulerAnglesHint.y
      value: 0
      objectReference: {fileID: 0}
    - target: {fileID: 6200201632343544516, guid: 0d1c4abeaafeee849896ed20c8ac9822,
        type: 3}
      propertyPath: m_LocalEulerAnglesHint.z
      value: 0
      objectReference: {fileID: 0}
    - target: {fileID: 6200201632343544516, guid: 0d1c4abeaafeee849896ed20c8ac9822,
        type: 3}
      propertyPath: m_AnchoredPosition.x
      value: 0
      objectReference: {fileID: 0}
    - target: {fileID: 6200201632343544516, guid: 0d1c4abeaafeee849896ed20c8ac9822,
        type: 3}
      propertyPath: m_AnchoredPosition.y
      value: 0
      objectReference: {fileID: 0}
    - target: {fileID: 6200201632343544516, guid: 0d1c4abeaafeee849896ed20c8ac9822,
        type: 3}
      propertyPath: m_SizeDelta.x
      value: 536.42
      objectReference: {fileID: 0}
    - target: {fileID: 6200201632343544516, guid: 0d1c4abeaafeee849896ed20c8ac9822,
        type: 3}
      propertyPath: m_SizeDelta.y
      value: 100
      objectReference: {fileID: 0}
    - target: {fileID: 6200201632343544516, guid: 0d1c4abeaafeee849896ed20c8ac9822,
        type: 3}
      propertyPath: m_AnchorMin.x
      value: 0
      objectReference: {fileID: 0}
    - target: {fileID: 6200201632343544516, guid: 0d1c4abeaafeee849896ed20c8ac9822,
        type: 3}
      propertyPath: m_AnchorMin.y
      value: 0
      objectReference: {fileID: 0}
    - target: {fileID: 6200201632343544516, guid: 0d1c4abeaafeee849896ed20c8ac9822,
        type: 3}
      propertyPath: m_AnchorMax.x
      value: 0
      objectReference: {fileID: 0}
    - target: {fileID: 6200201632343544516, guid: 0d1c4abeaafeee849896ed20c8ac9822,
        type: 3}
      propertyPath: m_AnchorMax.y
      value: 0
      objectReference: {fileID: 0}
    - target: {fileID: 6200201632343544516, guid: 0d1c4abeaafeee849896ed20c8ac9822,
        type: 3}
      propertyPath: m_Pivot.x
      value: 0.5
      objectReference: {fileID: 0}
    - target: {fileID: 6200201632343544516, guid: 0d1c4abeaafeee849896ed20c8ac9822,
        type: 3}
      propertyPath: m_Pivot.y
      value: 0.5
      objectReference: {fileID: 0}
    m_RemovedComponents: []
  m_SourcePrefab: {fileID: 100100000, guid: 0d1c4abeaafeee849896ed20c8ac9822, type: 3}
--- !u!224 &6640525627690915307 stripped
RectTransform:
  m_CorrespondingSourceObject: {fileID: 6200201632343544516, guid: 0d1c4abeaafeee849896ed20c8ac9822,
    type: 3}
  m_PrefabInstance: {fileID: 733075638726379311}
  m_PrefabAsset: {fileID: 0}
--- !u!1001 &6197464493738263112
PrefabInstance:
  m_ObjectHideFlags: 0
  serializedVersion: 2
  m_Modification:
    m_TransformParent: {fileID: 7741589802865465588}
    m_Modifications:
    - target: {fileID: 106380853296731553, guid: 95a8dffc6a79a084d96c099a9aa7971e,
        type: 3}
      propertyPath: m_Name
      value: Concentration
      objectReference: {fileID: 0}
    - target: {fileID: 6266542637013759678, guid: 95a8dffc6a79a084d96c099a9aa7971e,
        type: 3}
      propertyPath: m_LocalPosition.x
      value: 0
      objectReference: {fileID: 0}
    - target: {fileID: 6266542637013759678, guid: 95a8dffc6a79a084d96c099a9aa7971e,
        type: 3}
      propertyPath: m_LocalPosition.y
      value: 0
      objectReference: {fileID: 0}
    - target: {fileID: 6266542637013759678, guid: 95a8dffc6a79a084d96c099a9aa7971e,
        type: 3}
      propertyPath: m_LocalPosition.z
      value: 0
      objectReference: {fileID: 0}
    - target: {fileID: 6266542637013759678, guid: 95a8dffc6a79a084d96c099a9aa7971e,
        type: 3}
      propertyPath: m_LocalRotation.x
      value: 0
      objectReference: {fileID: 0}
    - target: {fileID: 6266542637013759678, guid: 95a8dffc6a79a084d96c099a9aa7971e,
        type: 3}
      propertyPath: m_LocalRotation.y
      value: 0
      objectReference: {fileID: 0}
    - target: {fileID: 6266542637013759678, guid: 95a8dffc6a79a084d96c099a9aa7971e,
        type: 3}
      propertyPath: m_LocalRotation.z
      value: 0
      objectReference: {fileID: 0}
    - target: {fileID: 6266542637013759678, guid: 95a8dffc6a79a084d96c099a9aa7971e,
        type: 3}
      propertyPath: m_LocalRotation.w
      value: 1
      objectReference: {fileID: 0}
    - target: {fileID: 6266542637013759678, guid: 95a8dffc6a79a084d96c099a9aa7971e,
        type: 3}
      propertyPath: m_RootOrder
      value: 0
      objectReference: {fileID: 0}
    - target: {fileID: 6266542637013759678, guid: 95a8dffc6a79a084d96c099a9aa7971e,
        type: 3}
      propertyPath: m_LocalEulerAnglesHint.x
      value: 0
      objectReference: {fileID: 0}
    - target: {fileID: 6266542637013759678, guid: 95a8dffc6a79a084d96c099a9aa7971e,
        type: 3}
      propertyPath: m_LocalEulerAnglesHint.y
      value: 0
      objectReference: {fileID: 0}
    - target: {fileID: 6266542637013759678, guid: 95a8dffc6a79a084d96c099a9aa7971e,
        type: 3}
      propertyPath: m_LocalEulerAnglesHint.z
      value: 0
      objectReference: {fileID: 0}
    - target: {fileID: 6266542637013759678, guid: 95a8dffc6a79a084d96c099a9aa7971e,
        type: 3}
      propertyPath: m_AnchoredPosition.x
      value: 0
      objectReference: {fileID: 0}
    - target: {fileID: 6266542637013759678, guid: 95a8dffc6a79a084d96c099a9aa7971e,
        type: 3}
      propertyPath: m_AnchoredPosition.y
      value: 0
      objectReference: {fileID: 0}
    - target: {fileID: 6266542637013759678, guid: 95a8dffc6a79a084d96c099a9aa7971e,
        type: 3}
      propertyPath: m_SizeDelta.x
      value: 536.42
      objectReference: {fileID: 0}
    - target: {fileID: 6266542637013759678, guid: 95a8dffc6a79a084d96c099a9aa7971e,
        type: 3}
      propertyPath: m_SizeDelta.y
      value: 100
      objectReference: {fileID: 0}
    - target: {fileID: 6266542637013759678, guid: 95a8dffc6a79a084d96c099a9aa7971e,
        type: 3}
      propertyPath: m_AnchorMin.x
      value: 0
      objectReference: {fileID: 0}
    - target: {fileID: 6266542637013759678, guid: 95a8dffc6a79a084d96c099a9aa7971e,
        type: 3}
      propertyPath: m_AnchorMin.y
      value: 0
      objectReference: {fileID: 0}
    - target: {fileID: 6266542637013759678, guid: 95a8dffc6a79a084d96c099a9aa7971e,
        type: 3}
      propertyPath: m_AnchorMax.x
      value: 0
      objectReference: {fileID: 0}
    - target: {fileID: 6266542637013759678, guid: 95a8dffc6a79a084d96c099a9aa7971e,
        type: 3}
      propertyPath: m_AnchorMax.y
      value: 0
      objectReference: {fileID: 0}
    - target: {fileID: 6266542637013759678, guid: 95a8dffc6a79a084d96c099a9aa7971e,
        type: 3}
      propertyPath: m_Pivot.x
      value: 0.5
      objectReference: {fileID: 0}
    - target: {fileID: 6266542637013759678, guid: 95a8dffc6a79a084d96c099a9aa7971e,
        type: 3}
      propertyPath: m_Pivot.y
      value: 0.5
      objectReference: {fileID: 0}
    m_RemovedComponents: []
  m_SourcePrefab: {fileID: 100100000, guid: 95a8dffc6a79a084d96c099a9aa7971e, type: 3}
--- !u!224 &69500459367724278 stripped
RectTransform:
  m_CorrespondingSourceObject: {fileID: 6266542637013759678, guid: 95a8dffc6a79a084d96c099a9aa7971e,
    type: 3}
  m_PrefabInstance: {fileID: 6197464493738263112}
  m_PrefabAsset: {fileID: 0}
--- !u!1001 &9115864095279271961
PrefabInstance:
  m_ObjectHideFlags: 0
  serializedVersion: 2
  m_Modification:
    m_TransformParent: {fileID: 7741589802865465588}
    m_Modifications:
    - target: {fileID: 2144376109296774624, guid: cbc75e00661d8d944b24b603a47a8e56,
        type: 3}
      propertyPath: m_Name
      value: Knowledge
      objectReference: {fileID: 0}
    - target: {fileID: 5353813713350233855, guid: cbc75e00661d8d944b24b603a47a8e56,
        type: 3}
      propertyPath: m_LocalPosition.x
      value: 0
      objectReference: {fileID: 0}
    - target: {fileID: 5353813713350233855, guid: cbc75e00661d8d944b24b603a47a8e56,
        type: 3}
      propertyPath: m_LocalPosition.y
      value: 0
      objectReference: {fileID: 0}
    - target: {fileID: 5353813713350233855, guid: cbc75e00661d8d944b24b603a47a8e56,
        type: 3}
      propertyPath: m_LocalPosition.z
      value: 0
      objectReference: {fileID: 0}
    - target: {fileID: 5353813713350233855, guid: cbc75e00661d8d944b24b603a47a8e56,
        type: 3}
      propertyPath: m_LocalRotation.x
      value: 0
      objectReference: {fileID: 0}
    - target: {fileID: 5353813713350233855, guid: cbc75e00661d8d944b24b603a47a8e56,
        type: 3}
      propertyPath: m_LocalRotation.y
      value: 0
      objectReference: {fileID: 0}
    - target: {fileID: 5353813713350233855, guid: cbc75e00661d8d944b24b603a47a8e56,
        type: 3}
      propertyPath: m_LocalRotation.z
      value: 0
      objectReference: {fileID: 0}
    - target: {fileID: 5353813713350233855, guid: cbc75e00661d8d944b24b603a47a8e56,
        type: 3}
      propertyPath: m_LocalRotation.w
      value: 1
      objectReference: {fileID: 0}
    - target: {fileID: 5353813713350233855, guid: cbc75e00661d8d944b24b603a47a8e56,
        type: 3}
      propertyPath: m_RootOrder
      value: 2
      objectReference: {fileID: 0}
    - target: {fileID: 5353813713350233855, guid: cbc75e00661d8d944b24b603a47a8e56,
        type: 3}
      propertyPath: m_LocalEulerAnglesHint.x
      value: 0
      objectReference: {fileID: 0}
    - target: {fileID: 5353813713350233855, guid: cbc75e00661d8d944b24b603a47a8e56,
        type: 3}
      propertyPath: m_LocalEulerAnglesHint.y
      value: 0
      objectReference: {fileID: 0}
    - target: {fileID: 5353813713350233855, guid: cbc75e00661d8d944b24b603a47a8e56,
        type: 3}
      propertyPath: m_LocalEulerAnglesHint.z
      value: 0
      objectReference: {fileID: 0}
    - target: {fileID: 5353813713350233855, guid: cbc75e00661d8d944b24b603a47a8e56,
        type: 3}
      propertyPath: m_AnchoredPosition.x
      value: 0
      objectReference: {fileID: 0}
    - target: {fileID: 5353813713350233855, guid: cbc75e00661d8d944b24b603a47a8e56,
        type: 3}
      propertyPath: m_AnchoredPosition.y
      value: 0
      objectReference: {fileID: 0}
    - target: {fileID: 5353813713350233855, guid: cbc75e00661d8d944b24b603a47a8e56,
        type: 3}
      propertyPath: m_SizeDelta.x
      value: 536.42
      objectReference: {fileID: 0}
    - target: {fileID: 5353813713350233855, guid: cbc75e00661d8d944b24b603a47a8e56,
        type: 3}
      propertyPath: m_SizeDelta.y
      value: 100
      objectReference: {fileID: 0}
    - target: {fileID: 5353813713350233855, guid: cbc75e00661d8d944b24b603a47a8e56,
        type: 3}
      propertyPath: m_AnchorMin.x
      value: 0
      objectReference: {fileID: 0}
    - target: {fileID: 5353813713350233855, guid: cbc75e00661d8d944b24b603a47a8e56,
        type: 3}
      propertyPath: m_AnchorMin.y
      value: 0
      objectReference: {fileID: 0}
    - target: {fileID: 5353813713350233855, guid: cbc75e00661d8d944b24b603a47a8e56,
        type: 3}
      propertyPath: m_AnchorMax.x
      value: 0
      objectReference: {fileID: 0}
    - target: {fileID: 5353813713350233855, guid: cbc75e00661d8d944b24b603a47a8e56,
        type: 3}
      propertyPath: m_AnchorMax.y
      value: 0
      objectReference: {fileID: 0}
    - target: {fileID: 5353813713350233855, guid: cbc75e00661d8d944b24b603a47a8e56,
        type: 3}
      propertyPath: m_Pivot.x
      value: 0.5
      objectReference: {fileID: 0}
    - target: {fileID: 5353813713350233855, guid: cbc75e00661d8d944b24b603a47a8e56,
        type: 3}
      propertyPath: m_Pivot.y
      value: 0.5
      objectReference: {fileID: 0}
    m_RemovedComponents: []
  m_SourcePrefab: {fileID: 100100000, guid: cbc75e00661d8d944b24b603a47a8e56, type: 3}
--- !u!224 &3805153747072507622 stripped
RectTransform:
  m_CorrespondingSourceObject: {fileID: 5353813713350233855, guid: cbc75e00661d8d944b24b603a47a8e56,
    type: 3}
  m_PrefabInstance: {fileID: 9115864095279271961}
  m_PrefabAsset: {fileID: 0}
